
@article{alice_collaboration_multiplicity_2014,
	title = {Multiplicity {Dependence} of {Pion}, {Kaon}, {Proton} and {Lambda} {Production} in p-{Pb} {Collisions} at \${\textbackslash}sqrt\{s\_\{{\textbackslash}rm {NN}\}\}\$ = 5.02 {TeV}},
	volume = {728},
	issn = {03702693},
	url = {http://arxiv.org/abs/1307.6796},
	doi = {10.1016/j.physletb.2013.11.020},
	abstract = {In this Letter, comprehensive results on \$\{{\textbackslash}rm{\textbackslash}pi\}{\textasciicircum}{\textbackslash}pm\$, K\${\textasciicircum}{\textbackslash}pm\$, K\${\textasciicircum}0\_S\$, p, \${\textbackslash}rm{\textbackslash}bar\{p\}\$, \${\textbackslash}rm {\textbackslash}Lambda\$ and \${\textbackslash}rm {\textbackslash}bar\{{\textbackslash}Lambda\}\$ production at mid-rapidity (\$0 {\textless} y\_\{{\textbackslash}rm cms\} {\textless} 0.5\$) in p-Pb collisions at \${\textbackslash}sqrt\{s\_\{{\textbackslash}rm NN\}\} = 5.02\$ TeV, measured by the ALICE detector at the LHC, are reported. The transverse momentum distributions exhibit a hardening as a function of event multiplicity, which is stronger for heavier particles. This behavior is similar to what has been observed in pp and Pb-Pb collisions at the LHC. The measured \$p\_\{{\textbackslash}rm T\}\$ distributions are compared to results at lower energy and with predictions based on QCD-inspired and hydrodynamic models.},
	urldate = {2024-02-13},
	journal = {Physics Letters B},
	author = {ALICE Collaboration},
	month = jan,
	year = {2014},
	note = {arXiv:1307.6796 [hep-ex, physics:nucl-ex]},
	keywords = {High Energy Physics - Experiment, Nuclear Experiment},
	pages = {25--38},
	annote = {Comment: 26 pages, 7 captioned figures, 5 tables, authors from page 21, published version, figures at http://aliceinfo.cern.ch/ArtSubmission/node/602},
	file = {arXiv Fulltext PDF:/Users/ravikkoka/Zotero/storage/5WBCY6T6/ALICE Collaboration - 2014 - Multiplicity Dependence of Pion, Kaon, Proton and .pdf:application/pdf;arXiv.org Snapshot:/Users/ravikkoka/Zotero/storage/4NFL42FT/1307.html:text/html},
}

@unpublished{ALICE:schematic,
      author        = "Tauro, Arturo",
      title         = "{ALICE Schematics}",
      year          = "2017",
      url           = "https://cds.cern.ch/record/2263642",
      note          = "General Photo",
}

@article{ALICE:tdr,
    author = "Aamodt, K. and others",
    collaboration = "ALICE",
    title = "{The ALICE experiment at the CERN LHC}",
    doi = "10.1088/1748-0221/3/08/S08002",
    journal = "JINST",
    volume = "3",
    pages = "S08002",
    year = "2008"
}

@article{ALICE:performance,
    author = "Abelev, Betty Bezverkhny and others",
    collaboration = "ALICE",
    title = "{Performance of the ALICE Experiment at the CERN LHC}",
    eprint = "1402.4476",
    archivePrefix = "arXiv",
    primaryClass = "nucl-ex",
    reportNumber = "CERN-PH-EP-2014-031",
    doi = "10.1142/S0217751X14300440",
    journal = "Int. J. Mod. Phys. A",
    volume = "29",
    pages = "1430044",
    year = "2014"
}

@book{detectors,
    author = "Viehhauser, Georg and Weidberg, Tony",
    title = "{Detectors in Particle Physics : A Modern Introduction}",
    doi = "10.1201/9781003287674",
    isbn = "978-1-00-386157-7, 978-1-00-386163-8, 978-1-03-224658-1, 978-1-00-328767-4",
    publisher = "Taylor \& Francis",
    year = "2024"
}

@article{ALICE:tpc,
    author = "Alme, J. and others",
    title = "{The ALICE TPC, a large 3-dimensional tracking device with fast readout for ultra-high multiplicity events}",
    eprint = "1001.1950",
    archivePrefix = "arXiv",
    primaryClass = "physics.ins-det",
    doi = "10.1016/j.nima.2010.04.042",
    journal = "Nucl. Instrum. Meth. A",
    volume = "622",
    pages = "316--367",
    year = "2010"
}

@article{LHCb:upgrades,
    collaboration = "LHCb",
    title = "{Framework TDR for the LHCb Upgrade II}: {Opportunities in flavour physics, and beyond, in the HL-LHC era}",
    reportNumber = "CERN-LHCC-2021-012, LHCB-TDR-023",
    year = "2021"
}

@book{Thomson:particle,
    author = "Thomson, Mark",
    title = "{Modern particle physics}",
    doi = "10.1017/CBO9781139525367",
    isbn = "978-1-107-03426-6",
    publisher = "Cambridge University Press",
    address = "New York",
    year = "2013"
}

@article{Bichsel:2004ej,
    author = "Bichsel, H. and Groom, Donald E. and Klein, S. R.",
    title = "{Passage of particles through matter}",
    month = "7",
    year = "2004"
}

@article{Yu:2013dca,
    author = "Yu, Weilin",
    editor = "Fusco, P. and Favuzzi, C. and Giglietto, N. and Mazziotta, M. N. and Rain\`o, A. and Spinelli, Paolo",
    collaboration = "ALICE TPC",
    title = "{Particle identification of the ALICE TPC via dE/dx}",
    doi = "10.1016/j.nima.2012.05.022",
    journal = "Nucl. Instrum. Meth. A",
    volume = "706",
    pages = "55--58",
    year = "2013"
}

@article{Carnesecchi:2018oss,
    author = "Carnesecchi, Francesca",
    collaboration = "ALICE",
    title = "{Performance of the ALICE Time-Of-Flight detector at the LHC}",
    eprint = "1806.03825",
    archivePrefix = "arXiv",
    primaryClass = "physics.ins-det",
    doi = "10.1088/1748-0221/14/06/C06023",
    journal = "JINST",
    volume = "14",
    number = "06",
    pages = "C06023",
    year = "2019"
}

@unpublished{Trzaska:2841494,
      author        = "Trzaska, Wladyslaw Henryk and Nayak, Tapan",
      title         = "{ALICE Pb-Pb collision test beam 18 November 2022}",
      year          = "2022",
      url           = "https://cds.cern.ch/record/2841494",
      note          = "General Photo",
}

@article{ALICE:2013axi,
    author = "Abbas, E. and others",
    collaboration = "ALICE",
    title = "{Performance of the ALICE VZERO system}",
    eprint = "1306.3130",
    archivePrefix = "arXiv",
    primaryClass = "nucl-ex",
    reportNumber = "CERN-PH-EP-2013-082",
    doi = "10.1088/1748-0221/8/10/P10016",
    journal = "JINST",
    volume = "8",
    pages = "P10016",
    year = "2013"
}

@book{Florkowski:pheno,
    author = "Florkowski, Wojciech",
    title = "{Phenomenology of Ultra-Relativistic Heavy-Ion Collisions}",
    isbn = "978-981-4280-66-2",
    month = "3",
    year = "2010"
}

@article{Rafelski:1982pu,
    author = "Rafelski, Johann and Muller, Berndt",
    title = "{Strangeness Production in the Quark - Gluon Plasma}",
    reportNumber = "Print-82-0048 (FRANKFURT)",
    doi = "10.1103/PhysRevLett.48.1066",
    journal = "Phys. Rev. Lett.",
    volume = "48",
    pages = "1066",
    year = "1982",
    note = "[Erratum: Phys.Rev.Lett. 56, 2334 (1986)]"
}

@article{Bierlich:2022pfr,
    author = "Bierlich, Christian and others",
    title = "{A comprehensive guide to the physics and usage of PYTHIA 8.3}",
    eprint = "2203.11601",
    archivePrefix = "arXiv",
    primaryClass = "hep-ph",
    reportNumber = "LU-TP 22-16, MCNET-22-04, FERMILAB-PUB-22-227-SCD",
    doi = "10.21468/SciPostPhysCodeb.8",
    journal = "SciPost Phys. Codeb.",
    volume = "2022",
    pages = "8",
    year = "2022"
}


@article{cremers_one_2018,
	title = {One {Direction}? {A} {Tutorial} for {Circular} {Data} {Analysis} {Using} {R} {With} {Examples} in {Cognitive} {Psychology}},
	volume = {9},
	issn = {1664-1078},
	url = {https://www.frontiersin.org/journals/psychology/articles/10.3389/fpsyg.2018.02040},
	doi = {10.3389/fpsyg.2018.02040},
	abstract = {{\textless}p{\textgreater}Circular data is data that is measured on a circle in degrees or radians. It is fundamentally different from linear data due to its periodic nature (0° = 360°). Circular data arises in a large variety of research fields. Among others in ecology, the medical sciences, personality measurement, educational science, sociology, and political science circular data is collected. The most direct examples of circular data within the social sciences arise in cognitive and experimental psychology. However, despite numerous examples of circular data being collected in different areas of cognitive and experimental psychology, the knowledge of this type of data is not well-spread and literature in which these types of data are analyzed using methods for circular data is relatively scarce. This paper therefore aims to give a tutorial in working with and analyzing circular data to researchers in cognitive psychology and the social sciences in general. It will do so by focusing on data inspection, model fit, estimation and hypothesis testing for two specific models for circular data using packages from the statistical programming language R.{\textless}/p{\textgreater}},
	journal = {Frontiers in Psychology},
	author = {Cremers, Jolien and Klugkist, Irene},
	year = {2018},
}

@article{Busza:2018rrf,
    author = "Busza, Wit and Rajagopal, Krishna and van der Schee, Wilke",
    title = "{Heavy Ion Collisions: The Big Picture, and the Big Questions}",
    eprint = "1802.04801",
    archivePrefix = "arXiv",
    primaryClass = "hep-ph",
    reportNumber = "MIT-CTP-4892, MIT-CTP/4892",
    doi = "10.1146/annurev-nucl-101917-020852",
    journal = "Ann. Rev. Nucl. Part. Sci.",
    volume = "68",
    pages = "339--376",
    year = "2018"
}

@article{Strickland:2014pga,
    author = "Strickland, Michael",
    editor = "Praszalowicz, Michal",
    title = "{Anisotropic Hydrodynamics: Three lectures}",
    eprint = "1410.5786",
    archivePrefix = "arXiv",
    primaryClass = "nucl-th",
    doi = "10.5506/APhysPolB.45.2355",
    journal = "Acta Phys. Polon. B",
    volume = "45",
    number = "12",
    pages = "2355--2394",
    year = "2014"
}

@unpublished{participants,
      author        = "Toia, Alberica",
      title         = "{Participants and spectators at the heavy-ion fireball}",
      year          = "2013",
      url           = "https://cerncourier.com/a/participants-and-spectators-at-the-heavy-ion-fireball/#:~:text=To%20see%20how%20much%20of,to%20the%20most%20central%20collisions.",
}

@article{Workman:2022ynf,
    author = "Workman, R. L. and Others",
    collaboration = "Particle Data Group",
    title = "{Review of Particle Physics}",
    doi = "10.1093/ptep/ptac097",
    journal = "PTEP",
    volume = "2022",
    pages = "083C01",
    year = "2022"
}

@article{Achenbach:2023pba,
    author = "Achenbach, P. and others",
    title = "{The Present and Future of QCD}",
    eprint = "2303.02579",
    archivePrefix = "arXiv",
    primaryClass = "hep-ph",
    reportNumber = "JLAB-PHY-23-3808",
    month = "3",
    year = "2023"
}

@article{Aprahamian:2015qub,
    author = "Aprahamian, Ani and others",
    title = "{Reaching for the horizon: The 2015 long range plan for nuclear science}",
    month = "10",
    year = "2015"
}

@book{Vogt:2007zz,
    author = "Vogt, Ramona",
    title = "{Ultrarelativistic heavy-ion collisions}",
    isbn = "978-0-444-52196-5",
    publisher = "Elsevier",
    address = "Amsterdam",
    year = "2007"
}

@mastersthesis{Blair:2023rli,
    author = "Blair, Justin",
    title = "{Investigating the origin of strangeness enhancement using jet-like [eta] \ensuremath{-} [phi] angular correlations in p-Pb Collisions with ALICE}",
    reportNumber = "CERN-THESIS-2023-043",
    type = "Other thesis",
    school = "2023-04-19, Texas U., U. Texas, Austin (main)",
    month = "4",
    year = "2023"
}

@article{Cassing:2009vt,
    author = "Cassing, W. and Bratkovskaya, E. L.",
    title = "{Parton-Hadron-String Dynamics: an off-shell transport approach for relativistic energies}",
    eprint = "0907.5331",
    archivePrefix = "arXiv",
    primaryClass = "nucl-th",
    doi = "10.1016/j.nuclphysa.2009.09.007",
    journal = "Nucl. Phys. A",
    volume = "831",
    pages = "215--242",
    year = "2009"
}